@article{PhysRevD.11.395,
  title = {Hamiltonian formulation of Wilson's lattice gauge theories},
  author = {Kogut, John and Susskind, Leonard},
  journal = {Phys. Rev. D},
  volume = {11},
  issue = {2},
  pages = {395--408},
  numpages = {0},
  year = {1975},
  month = {Jan},
  publisher = {American Physical Society},
  doi = {10.1103/PhysRevD.11.395},
  url = {https://link.aps.org/doi/10.1103/PhysRevD.11.395}
}


@article{RevModPhys.51.659,
  title = {An introduction to lattice gauge theory and spin systems},
  author = {Kogut, John B.},
  journal = {Rev. Mod. Phys.},
  volume = {51},
  issue = {4},
  pages = {659--713},
  numpages = {0},
  year = {1979},
  month = {Oct},
  publisher = {American Physical Society},
  doi = {10.1103/RevModPhys.51.659},
  url = {https://link.aps.org/doi/10.1103/RevModPhys.51.659}
}


